@online{cop_tutor,
    author = "Perry Alexander",
    title = "Copland Language",
    url = "https://ku-sldg.github.io/copland/"
}

@article{prog_data,
  author          = "Nik Sultana",
  journal         = {HotNets '22},
  number          = {21},
  title           = {A Case for Remote Attestion in Programmable Dataplanes},
  year            = {2022},
  doi             = {https://dl.acm.org/doi/pdf/10.1145/3563766.3564100},
}

@article{confining,
  author          = {"Paul D. Rowe"},
  title           = {"Confining Adversary Actions via Measurement"},
  year            = {2016},
  url             = {"https://link.springer.com/chapter/10.1007/978-3-319-46263-9_10"},
  doi             = {"10.1007/978-3-319-46263-9_10"},
}

@inproceedings{layered_attest,
author = {Rowe, Paul D. and Ramsdell, John D. and Kretz, Ian D.},
title = {Automated Trust Analysis of Copland Specifications for Layered Attestations},
year = {2021},
isbn = {9781450386890},
publisher = {Association for Computing Machinery},
address = {New York, NY, USA},
url = {https://doi.org/10.1145/3479394.3479418},
doi = {10.1145/3479394.3479418},
booktitle = {23rd International Symposium on Principles and Practice of Declarative Programming},
articleno = {23},
numpages = {15},
keywords = {Layered Attestation, Model Finding, Trustworthy Computing},
location = {Tallinn, Estonia},
series = {PPDP 2021}
}

@article{doj_hack,
  author          = {"Eric Geller"},
  journal         = {"Politico"},
  title           = {"How DoJ took the malware fight into your computer"},
  year            = {"2022"}
}

@article{net_kat,
  author          = {"Dexter Kozen"},
  title           = {"NetKAT - A formal system for the Verification of Networks"},
  url             = {"https://www.cs.cornell.edu/~kozen/Papers/NetKAT-APLAS.pdf"},
}

@article{principles,
  author          = {et.al, George Coker },
  journal         = {International Journal of Information Security},
  number          = {10},
  title           = {Principles of Remote Attestation},
  volume          = {63},
  year            = {2011}
}